@misc{mccowan,
  author = "Iain McOwan",
  title = "Microphone Arrays: A Tutorial",
  year = "2001"
}
